Currency,Unit,Description,Q1 11,Q2 11,Q3 11,Q4 11,Q1 12,Q2 12,Q3 12,Q4 12,Q1 13,Q2 13,Q3 13,Q4 13,Q1 14,Q2 14,Q3 14,Q4 14,Q1 15,Q2 15,Q3 15,Q4 15,Q1 16,Q2 16,Q3 16,Q4 16,Q1 17,Q2 17,Q3 17,Q4 17,Q1 18,Q2 18,Q3 18,Q4 18,Q1 19,Q2 19,Q3 19,Q4 19,Q1 20,Q2 20,Q3 20,Q4 20,Q1 21
,,Period Ended On (MM/DD/YYYY),03/31/2011,06/30/2011,09/30/2011,12/31/2011,03/31/2012,6/30/12,9/30/12,12/31/2012,03/31/2013,06/30/2013,09/30/2013,12/31/2013,03/31/2014,06/30/2014,09/30/2014,12/31/2014,03/31/2015,06/30/2015,09/30/2015,12/31/2015,03/31/2016,06/30/2016,09/30/2016,12/31/2016,03/31/2017,06/30/2017,09/30/2017,12/31/2017,03/31/2018,06/30/2018,09/30/2018,12/31/2018,03/31/2019,06/30/2019,09/30/2019,12/31/2019,03/31/2020,06/30/2020,09/30/2020,12/31/2020,03/31/2021
,,Reported Date (MM/DD/YYYY),05/05/2011,08/10/2011,11/22/2011,03/05/2012,04/27/2012,08/16/2012,11/21/2012,03/27/2013,05/17/2013,08/26/2013,11/07/2013,03/06/2013,05/08/2014,08/14/2014,11/11/2014,05/08/2020,05/08/2020,08/14/2015,11/06/2015,03/07/2016,05/17/2016,08/10/2016,11/04/2016,03/10/2017,05/11/2017,08/11/2017,11/03/2017,03/09/2018,04/27/2018,08/10/2018,11/16/2018,03/08/2019,05/10/2019,08/08/2019,11/08/2019,03/06/2020,05/07/2020,08/07/2020,11/05/2020,03/04/2021,05/07/2021
$,Thousand,Revenue,1241629.00,1198533.00,1227646.00,1118607.00,1176975.00,1160717.00,1208625.00,1213003.00,1193670.00,1290776.00,1230528.00,1259485.00,1179044.00,1230734.00,1237321.00,1190022.00,1160677.00,1183662.00,1247327.00,1249475.00,1159313.00,1189952.00,1245389.00,1271083.00,1213046.00,1279714.00,1338322.00,1311992.00,1494860.00,1618259.00,1623058.00,1538295.00,1449302.00,1441992.00,1407033.00,1371950.00,1347991.00,1239799.00,1290266.00,1408871.00,1429096.00
$,Thousand,Cost of sales,-931808.00,-894991.00,-945512.00,-942295.00,-949476.00,-906983.00,-949513.00,-983828.00,-971288.00,-1028944.00,-956835.00,-991844.00,-922096.00,-976659.00,-974052.00,-954091.00,-926873.00,-965021.00,-943998.00,-969757.00,-921968.00,-996852.00,-1017382.00,-1069353.00,-1031066.00,-1000098.00,-1028673.00,-1059024.00,-1106351.00,-1115956.00,-1122826.00,-1135560.00,-1116980.00,-1140549.00,-1140397.00,-1164522.00,-1153087.00,-1009545.00,-1076776.00,-1184091.00,-1085421.00
$,Thousand,Gross profit,309821.00,303542.00,282134.00,176312.00,227499.00,253734.00,259112.00,229175.00,222382.00,261832.00,273693.00,267641.00,256948.00,254075.00,263269.00,235931.00,233804.00,218641.00,303329.00,279718.00,237345.00,193100.00,228007.00,201730.00,181980.00,279616.00,309649.00,252968.00,388509.00,502303.00,500232.00,402735.00,332322.00,301443.00,266636.00,207428.00,194904.00,230254.00,213490.00,224780.00,343675.00
$,Thousand,"Other income, by function ",57481.00,54620.00,56419.00,56032.00,58222.00,58221.00,61915.00,60026.00,51903.00,51904.00,51114.00,53019.00,47325.00,47325.00,45603.00,46941.00,40326.00,40255.00,108682.00,75398.00,43882.00,43882.00,42522.00,42337.00,35388.00,51829.00,29462.00,23479.00,30178.00,26842.00,28573.00,20712.00,27062.00,27101.00,29556.00,34436.00,25155.00,35677.00,30525.00,53092.00,34621.00
$,Thousand,Distribution costs,-55392.00,-62344.00,-61946.00,-48398.00,-58639.00,-69177.00,-65566.00,-71043.00,-60644.00,-67112.00,-68303.00,-64406.00,-59288.00,-62379.00,-64879.00,-53007.00,-55221.00,-55143.00,-56762.00,-55745.00,-53582.00,-56190.00,-55546.00,-67084.00,-55744.00,-66358.00,-60872.00,-47934.00,-65272.00,-66928.00,-65965.00,-63137.00,-60238.00,-60640.00,-64958.00,-61895.00,-64662.00,-58116.00,-57295.00,-62236.00,-64023.00
$,Thousand,Administrative expenses,-43555.00,-51667.00,-49027.00,-59495.00,-51548.00,-54509.00,-57359.00,-56780.00,-53390.00,-58919.00,-56212.00,-59147.00,-52438.00,-56114.00,-56035.00,-57676.00,-47430.00,-53253.00,-52808.00,-54419.00,-62564.00,-59858.00,-60735.00,-48486.00,-52025.00,-59770.00,-63231.00,-76593.00,-64984.00,-75887.00,-73179.00,-72349.00,-82231.00,-74693.00,-81762.00,-85302.00,-80559.00,-70385.00,-66286.00,-77195.00,-79065.00
$,Thousand,"Other expenses, by function",-38894.00,-37497.00,-43931.00,-46320.00,-43144.00,-45272.00,-49904.00,-58867.00,-47681.00,-54750.00,-52681.00,-55576.00,-48062.00,-51539.00,-51448.00,-51894.00,-43847.00,-48714.00,-48877.00,-52534.00,-43476.00,-47185.00,-50710.00,-64849.00,-55053.00,-56231.00,-55879.00,-57200.00,-50150.00,-53646.00,-53435.00,-61805.00,-52453.00,-53780.00,-53475.00,-59659.00,-44971.00,-49697.00,-54626.00,-53785.00,-48539.00
$,Thousand,Other profits (losses),-23659.00,-27099.00,30256.00,-12825.00,-5182.00,-12594.00,12212.00,-9537.00,14653.00,2904.00,-53202.00,-150.00,-20616.00,3333.00,-10531.00,-22171.00,-35303.00,-29860.00,-8383.00,-2550.00,-6817.00,-17692.00,12871.00,-135066.00,-52622.00,-16813.00,-37576.00,-19807.00,-3221.00,-8074.00,-10455.00,-31015.00,-16323.00,-9636.00,-4373.00,-39952.00,-16695.00,-7667.00,-10993.00,-14931.00,-12538.00
$,Thousand,Operating profit,205802.00,179555.00,212105.00,65306.00,127208.00,130403.00,160410.00,92974.00,127223.00,135859.00,94409.00,141381.00,123869.00,134701.00,125979.00,98124.00,92329.00,71926.00,245181.00,189868.00,114788.00,56057.00,116409.00,-71193.00,1924.00,132273.00,121553.00,74913.00,235060.00,324610.00,325771.00,195141.00,148139.00,129795.00,91624.00,-4944.00,13172.00,80066.00,54815.00,69725.00,174131.00
$,Thousand,Financial income,7734.00,9952.00,8322.00,10665.00,8926.00,8892.00,10742.00,8715.00,6202.00,5868.00,4069.00,5232.00,4604.00,3916.00,6918.00,4984.00,3661.00,2998.00,1954.00,2446.00,3298.00,2623.00,1850.00,2206.00,2541.00,3093.00,9556.00,3186.00,3432.00,3169.00,5427.00,6978.00,6747.00,4495.00,4956.00,4505.00,3891.00,3046.00,1673.00,1660.00,1040.00
$,Thousand,Finance costs,-38107.00,-40433.00,-42373.00,-42005.00,-41310.00,-45809.00,-45439.00,-42673.00,-41638.00,-43918.00,-43217.00,-45525.00,-43615.00,-46119.00,-49087.00,-50700.00,-46106.00,-43973.00,-48694.00,-48259.00,-51171.00,-53062.00,-53471.00,-55121.00,-52317.00,-58159.00,-56993.00,-52016.00,-51797.00,-52812.00,-62870.00,-48491.00,-52459.00,-47993.00,-53484.00,-41414.00,-48289.00,-53102.00,-50221.00,-49299.00,-51583.00
$,Thousand,Share in profit (loss) of associates and joint ventures accounted for using the equity method,3546.00,4412.00,-42.00,3628.00,3435.00,2160.00,3093.00,4122.00,2631.00,1032.00,3131.00,2085.00,-35.00,-39.00,-27.00,-3.00,-5.00,17.00,-11.00,176.00,5.00,-1.00,8.00,-76.00,6.00,1.00,-1.00,-10.00,3.00,3.00,17.00,-21.00,-2.00,1.00,-2.00,-6.00,20.00,346.00,158.00,386.00,74.00
$,Thousand,Foreign currency translation differences,30496.00,16422.00,2593.00,-3172.00,-14971.00,-1345.00,-31654.00,10484.00,-13419.00,39574.00,-10339.00,21204.00,20193.00,11410.00,44516.00,22380.00,14477.00,4250.00,1778.00,-14729.00,-25829.00,-10463.00,1374.00,-9555.00,4703.00,-4427.00,-729.00,-8327.00,-2168.00,-9489.00,-9442.00,8513.00,-6485.00,-5195.00,-3269.00,6148.00,-11392.00,-3890.00,-15217.00,1232.00,-9896.00
$,Thousand,Gain from indexation units ,-3526.00,-3925.00,-5261.00,-7793.00,-8214.00,-2937.00,-765.00,-6213.00,-1016.00,701.00,-8708.00,-8926.00,-10259.00,-13761.00,-3307.00,-12100.00,996.00,-3134.00,-2881.00,-10396.00,-3037.00,-1701.00,-860.00,-242.00,-376.00,-603.00,60.00,-740.00,-655.00,-772.00,4663.00,5927.00,9399.00,5820.00,13616.00,11270.00,21738.00,8381.00,8488.00,14269.00,30949.00
$,Thousand,"Profit, before taxes",205945.00,165983.00,175344.00,26629.00,75074.00,91364.00,96387.00,67409.00,79983.00,139116.00,39345.00,115451.00,94757.00,90108.00,124992.00,62685.00,65352.00,32084.00,197327.00,119106.00,38054.00,-6547.00,65310.00,-132395.00,-43519.00,72178.00,73446.00,17006.00,183875.00,264709.00,263566.00,168047.00,105339.00,86923.00,53441.00,-24441.00,-20860.00,34847.00,-304.00,37973.00,144715.00
$,Thousand,Income tax expense,-63323.00,8490.00,-136723.00,3132.00,49280.00,-54832.00,-95140.00,-27132.00,4332.00,-108550.00,3947.00,-77991.00,-48338.00,1718.00,-163761.00,-24344.00,-141973.00,-4444.00,-237286.00,-37146.00,22433.00,53512.00,-28787.00,-29773.00,25568.00,-46439.00,15223.00,-10880.00,-39610.00,-169857.00,-112562.00,-55858.00,-48116.00,-25346.00,-69697.00,6288.00,-110887.00,-16389.00,866.00,47088.00,-72128.00
$,Thousand,Profit (loss) from continuing operations,142622.00,174473.00,38621.00,29761.00,124354.00,36532.00,1247.00,40277.00,84315.00,30566.00,43292.00,37460.00,46419.00,91826.00,-38769.00,38341.00,-76621.00,27640.00,-39959.00,81960.00,60487.00,46965.00,36523.00,-162168.00,-17951.00,25739.00,88669.00,6126.00,144265.00,94852.00,151004.00,112189.00,57223.00,61577.00,-16256.00,-18153.00,-131747.00,18458.00,562.00,85061.00,72587.00
$,Thousand,Profit (loss),142622.00,174473.00,38621.00,29761.00,124354.00,36532.00,1247.00,35934.00,84315.00,30566.00,43292.00,37460.00,46419.00,91798.00,-38769.00,38326.00,-76621.00,27640.00,-39959.00,81960.00,60487.00,46965.00,36523.00,-161287.00,-17951.00,25739.00,88669.00,6126.00,144265.00,94852.00,151004.00,112381.00,57223.00,61574.00,-16256.00,-18150.00,-131747.00,18458.00,562.00,85061.00,72587.00
$,Thousand,Profit (loss) attributable to non-controlling interest,1352.00,2623.00,-1736.00,108.00,582.00,42.00,9.00,31.00,95.00,-79.00,41.00,-130.00,-1.00,28.00,-16.00,15.00,8.00,40.00,77.00,624.00,54.00,35.00,-69.00,-881.00,-1793.00,-1.00,19.00,1013.00,42.00,-229.00,75.00,-80.00,36.00,3.00,-102.00,-38.00,-178.00,41.00,40.00,797.00,-46.00
$,Thousand,Profit (loss) attributable to owners of the parent,141270.00,171850.00,40357.00,29653.00,123772.00,36490.00,1238.00,40246.00,84220.00,30645.00,43251.00,37590.00,46420.00,91826.00,-38753.00,38341.00,-76629.00,27600.00,-39966.00,81336.00,60433.00,46930.00,36592.00,-162168.00,-16158.00,25740.00,88650.00,5113.00,144223.00,95081.00,150929.00,112077.00,57187.00,61577.00,-16154.00,-18118.00,-131569.00,18417.00,522.00,84264.00,72633.00
,,, ,,,,,,,,,,,,,,,,,,,,,,,,,,,,,,,,,,,,,,,,
,,Earnings per share, ,,,,,,,,,,,,,,,,,,,,,,,,,,,,,,,,,,,,,,,,
,,Basic earnings per share, ,,,,,,,,,,,,,,,,,,,,,,,,,,,,,,,,,,,,,,,,
$,Actual,Basic profit (loss) per share from continuing operations,0.06,0.08,0.02,0.01,0.06,0.02,0.00,0.02,0.04,0.01,0.02,0.01,0.02,0.04,-0.02,0.01,-0.03,0.01,-0.02,0.03,0.02,0.02,0.01,,-0.01,0.01,0.04,,0.06,0.04,0.06,,0.02,0.02,-0.01,,-0.05,0.01,0.00,,0.03
$,Actual,Basic profit per (loss) share from discontinuing operations,0.00,0.00,0.00,0.00,0.00,0.00,0.00,0.00,0.00,0.00,0.00,0.00,0.00,0.00,0.00,0.00,0.00,0.00,0.00,0.00,0.00,0.00,0.00,,0.00,0.00,0.00,,0.00,0.00,0.00,,0.00,0.00,0.00,,0.00,0.00,0.00,,0.00
$,Actual,Basic profit (loss) per share,0.06,0.08,0.02,0.01,0.06,0.02,0.00,0.02,0.04,0.01,0.02,0.01,0.02,0.04,-0.02,0.01,-0.03,0.01,-0.02,0.03,0.02,0.02,0.01,,-0.01,0.01,0.04,,0.06,0.04,0.06,,0.02,0.02,-0.01,,-0.05,0.01,0.00,,0.03
,,Diluted earnings per share, ,,,,,,,,,,,,,,,,,,,,,,,,,,,,,,,,,,,,,,,,
$,Actual,Diluted profit (loss) per share from continuing operations,0.06,0.08,0.02,0.01,0.06,0.02,0.00,0.02,0.04,0.01,0.02,0.01,0.02,0.04,-0.02,0.01,-0.03,0.01,-0.02,0.03,0.02,0.02,0.01,,-0.01,0.01,0.04,,0.06,0.04,0.06,,0.02,0.02,-0.01,,-0.05,0.01,0.00,,0.03
$,Actual,Diluted profit (loss) per share from discontinuing operations ,0.00,0.00,0.00,0.00,0.00,0.00,0.00,0.00,0.00,0.00,0.00,0.00,0.00,0.00,0.00,0.00,0.00,0.00,0.00,0.00,0.00,0.00,0.00,,0.00,0.00,0.00,,0.00,0.00,0.00,,0.00,0.00,0.00,,0.00,0.00,0.00,,0.00
$,Actual,Diluted profit (loss) per share,0.06,0.08,0.02,0.01,0.06,0.02,0.00,0.02,0.04,0.01,0.02,0.01,0.02,0.04,-0.02,0.01,-0.03,0.01,-0.02,0.03,0.02,0.02,0.01,,-0.01,0.01,0.04,,0.06,0.04,0.06,,0.02,0.02,-0.01,,-0.05,0.01,0.00,,0.03
,,, ,,,,,,,,,,,,,,,,,,,,,,,,,,,,,,,,,,,,,,,,
,,, ,,,,,,,,,,,,,,,,,,,,,,,,,,,,,,,,,,,,,,,,
,,, ,,,,,,,,,,,,,,,,,,,,,,,,,,,,,,,,,,,,,,,,
,,, ,,,,,,,,,,,,,,,,,,,,,,,,,,,,,,,,,,,,,,,,
,,, ,,,,,,,,,,,,,,,,,,,,,,,,,,,,,,,,,,,,,,,,
,,, ,,,,,,,,,,,,,,,,,,,,,,,,,,,,,,,,,,,,,,,,
,,, ,,,,,,,,,,,,,,,,,,,,,,,,,,,,,,,,,,,,,,,,
,,, ,,,,,,,,,,,,,,,,,,,,,,,,,,,,,,,,,,,,,,,,
,,, ,,,,,,,,,,,,,,,,,,,,,,,,,,,,,,,,,,,,,,,,
,,, ,,,,,,,,,,,,,,,,,,,,,,,,,,,,,,,,,,,,,,,,
,,, ,,,,,,,,,,,,,,,,,,,,,,,,,,,,,,,,,,,,,,,,
,,, ,,,,,,,,,,,,,,,,,,,,,,,,,,,,,,,,,,,,,,,,
,,, ,,,,,,,,,,,,,,,,,,,,,,,,,,,,,,,,,,,,,,,,
,,, ,,,,,,,,,,,,,,,,,,,,,,,,,,,,,,,,,,,,,,,,
,,, ,,,,,,,,,,,,,,,,,,,,,,,,,,,,,,,,,,,,,,,,